@article{Earley:1983:ECP:357980.358005,
 author = {Earley, Jay},
 title = {An Efficient Context-free Parsing Algorithm},
 journal = {Commun. ACM},
 issue_date = {Jan. 1983},
 volume = {26},
 number = {1},
 month = jan,
 year = {1983},
 issn = {0001-0782},
 pages = {57--61},
 numpages = {5},
 url = {http://doi.acm.org/10.1145/357980.358005},
 doi = {10.1145/357980.358005},
 acmid = {358005},
 publisher = {ACM},
 address = {New York, NY, USA},
 keywords = {compilers, computational complexity, context-free grammar, parsing, syntax analysis},
}

@article{Earley:1970:ECP:362007.362035,
 author = {Earley, Jay},
 title = {An Efficient Context-free Parsing Algorithm},
 journal = {Commun. ACM},
 issue_date = {Feb 1970},
 volume = {13},
 number = {2},
 month = feb,
 year = {1970},
 issn = {0001-0782},
 pages = {94--102},
 numpages = {9},
 url = {http://doi.acm.org/10.1145/362007.362035},
 doi = {10.1145/362007.362035},
 acmid = {362035},
 publisher = {ACM},
 address = {New York, NY, USA},
 keywords = {compilers, computational complexity, context-free grammar, parsing, syntax analysis},
}
